@misc{amazon:alexa,
  author = {{Amazon}},
  title = "Alexa",
  howpublished = "\url{https://www.alexa.com/}",
  month = "visited in Sep.",
  year = "2017"
}


@misc{github:dgarepo,
  author = {Andrey Abakumov},
  title = {DGA},
  mail = {andrewaeva@ya.ru},
  publisher = {GitHub},
  journal = {GitHub repository},
  howpublished = {\url{https://github.com/andrewaeva/DGA}}
  }


